@inproceedings{SiggraphContact22,
  author = {Andrews, Sheldon and Erleben, Kenny and Ferguson, Zachary},
  title = {Contact and Friction Simulation for Computer Graphics},
  year = {2022},
  publisher = {Association for Computing Machinery},
  address = {New York, NY, USA},
  url = {},
  doi = {},
  booktitle = {ACM SIGGRAPH 2022 Courses},
  articleno = {2},
  numpages = {124},
  location = {Hybrid Event, Vancouver, Canada},
  series = {SIGGRAPH '22}
}
@article{zhang2021folding,
  title={Folding analysis for thick origami with kinematic frame models concerning gravity},
  author={Zhang, Tianhao and Kawaguchi, Kenâ€™ichi},
  journal={Automation in Construction},
  volume={127},
  pages={103691},
  year={2021},
  publisher={Elsevier}
}