@inproceedings{SiggraphContact22,
  author = {Andrews, Sheldon and Erleben, Kenny and Ferguson, Zachary},
  title = {Contact and Friction Simulation for Computer Graphics},
  year = {2022},
  publisher = {Association for Computing Machinery},
  address = {New York, NY, USA},
  url = {},
  doi = {},
  booktitle = {ACM SIGGRAPH 2022 Courses},
  articleno = {2},
  numpages = {124},
  location = {Hybrid Event, Vancouver, Canada},
  series = {SIGGRAPH '22}
}
@article{zhang2021folding,
  title={Folding analysis for thick origami with kinematic frame models concerning gravity},
  author={Zhang, Tianhao and Kawaguchi, Kenâ€™ichi},
  journal={Automation in Construction},
  volume={127},
  pages={103691},
  year={2021},
  publisher={Elsevier}
}
@inproceedings{filipov2015toward,
  title={Toward optimization of stiffness and flexibility of rigid, flat-foldable origami structures},
  author={Filipov, Evgueni T and Tachi, Tomohiro and Paulino, Glaucio H},
  booktitle={The 6th International Meeting on Origami in Science, Mathematics and Education},
  pages={121},
  year={2015}
}
@article{zhu2022review,
  title={A review on origami simulations: From kinematics, to mechanics, toward multiphysics},
  author={Zhu, Yi and Schenk, Mark and Filipov, Evgueni T},
  journal={Applied Mechanics Reviews},
  volume={74},
  number={3},
  pages={030801},
  year={2022},
  publisher={American Society of Mechanical Engineers}
}